@misc{pySerial,
    author = { Varios },
    title = { Documentación PySerial },
    howpublished = {\url{https://pythonhosted.org/pyserial/}},
    year = {2019},
    note = {Consultado por última vez en 18/3/2019}
}

@misc{DocArduino,
    author = {Varios},
    title = {Documentacion arduino},
    howpubished = {\url{https://www.arduino.cc/}},
    note = {Consultado por ultima vez en 05/05/2019}
}

@misc{PythonTutorial,
    author = { Varios },
    title = { Play sound in Python },
    howpublished = { \url{https://pythonbasics.org/python-play-sound/} },
    note = {Consultado por ultima vez en 04/07/2019}
}

@misc{playsound,
    author = { TaylorSMarks },
    title = { playsound },
    howpublished = { \url{https://github.com/TaylorSMarks/playsound} },
    note = {Consultado por ultima vez en 04/07/2019}
}
